% ARTICLES AND MEDIA %%%%%%%%%%%%%%%%%%%%%%%%%%%%%%%%%%%%%%%%%%%%%%%%%%%%%%%%%%%%%%%%%%%%%%%%%%%%%%%%%%
%%%%%%%%%%%%%%%%%%%%%%%%%%%%%%%%%%%%%%%%%%%%%%%%%%%%%%%%%%%%%%%%%%%%%%%%%%%%%%%%%%%%%%%%%%%%%%%%%%%%%%%%%%%%%%%%%%%%%%%%%%%%%%%%%%%%%%%%%%%%%%%%%%%%%%%%%%%%%%%%%%%%%%%%%%%%%%%%%%%%%%%%%%%%%%%%%%%%%%%%%%%%%
 
 @misc{economist_2006, 
 title={Apples are not the only fruit},
 author={The Economist},
 url={https://www.economist.com/finance-and-economics/2006/07/06/apples-are-not-the-only-fruit}, 
 journal={The Economist}, 
 publisher={The Economist Newspaper}, 
 year={2006},
 month={Jul}} 

 @article{nunn2020dozen,
  title={A dozen facts about the economics of the US health-care system},
  author={Nunn, Ryan and Parsons, Jana and Shambaugh, Jay},
  journal={The Hamilton Project, Economic Facts},
  year={2020}
}

 @misc{dyrda_2021, 
 title={ASCS, Hospitals pay Millions as scrutiny intensifies for illegal referrals}, 
 url={https://www.beckersasc.com/asc-news/ascs-hospitals-pay-millions-as-scrutiny-intensifies-for-illegal-referrals.html}, 
 journal={Becker's ASC Review}, 
 author={Dyrda, Laura}, 
 year={2021}
 }

  @misc{ellison_2018, 
  title={Whistle-blower: Steward health care restricted referrals, compromised care to keep patients in Network}, 
  url={https://www.beckershospitalreview.com/legal-regulatory-issues/whistle-blower-steward-health-care-restricted-referrals-compromised-care-to-keep-patients-in-network.html}, 
  journal={Becker's Hospital Review}, 
  author={Ellison, Ayla}, 
  year={2018}
  } 

  @online{hitech,
    author = "Office for Civil Rights",
    year = {2017},
    title = "HITECH Act Enforcement Interim Final Rule",
    url  = "https://www.hhs.gov/hipaa/for-professionals/special-topics/hitech-act-enforcement-interim-final-rule/index.html",
    addendum = "(accessed: 03.09.2021)",
    keywords = "EHR,HITECH"
}

@online{stats,
    author = "Health IT Dashboard",
    year = {2019},
    title = "Office-based Physician Electronic Health Record Adoption",
    url  = "https://dashboard.healthit.gov/quickstats/pages/physician-ehr-adoption-trends.php",
    addendum = "(accessed: 03.10.2021)",
    keywords = "EHR"
}

@article{reisman2017ehrs,
  title={EHRs: the challenge of making electronic data usable and interoperable},
  author={Reisman, Miriam},
  journal={Pharmacy and Therapeutics},
  volume={42},
  number={9},
  pages={572},
  year={2017},
  publisher={MediMedia, USA}
}

@online{gaps,
    author = "ONC",
    year = {2019},
    title = "Gaps in Individuals' Information Exchange",
    url  = "https://www.healthit.gov/data/quickstats/gaps-individuals-information-exchange",
    addendum = "(accessed: 09.20.22)",
    keywords = "EHR,HITECH"
}

 @misc{healthitstats_2017, 
 title={Non-federal Acute Care Hospital Electronic Health Record Adoption}, 
 url={https://www.healthit.gov/data/quickstats/non-federal-acute-care-hospital-electronic-health-record-adoption}, 
 journal={Non-federal Acute Care Hospital Electronic Health Record Adoption | HealthIT.gov}, 
 author={Health IT Stats}, 
 year={2017}} 


%%%%%%%%% MOTIVATING LITERATURE %%%%%%%%%%%%%%%%%%%%%%%%%%%%%%%%%%%%%%%%%%%%%%%%%%%%%%%%%%%%%%%%%%%%%
%%%%%%%%%%%%%%%%%%%%%%%%%%%%%%%%%%%%%%%%%%%%%%%%%%%%%%%%%%%%%%%%%%%%%%%%%%%%%%%%%%%%%%%%%%%%%%%%%%%%%
@article{nakamura2010hospital,
  title={Hospital mergers and referrals in the United States: patient steering or integrated delivery of care?},
  author={Nakamura, Sayaka},
  journal={INQUIRY: The Journal of Health Care Organization, Provision, and Financing},
  volume={47},
  number={3},
  pages={226--241},
  year={2010},
  publisher={SAGE Publications Sage CA: Los Angeles, CA}
}

@article{chang2011nonprofit,
  title={What do nonprofit hospitals maximize? Evidence from California’s seismic retrofit mandate},
  author={Chang, Tom and Jacobson, Mireille},
  journal={NBER Working Paper Series. Available online: http://users. nber. org/\~{} jacobson/ChangJacobson12},
  volume={5},
  year={2011}
}

%%%%%%%%%%%% RELATED EHR PAPERS %%%%%%%%%%%%%%%%%%%%%%%%%%%%%%%%%%%%%%%%%%%%%%%%%%%%%%%
%%%%%%%%%%%%%%%%%%%%%%%%%%%%%%%%%%%%%%%%%%%%%%%%%%%%%%%%%%%%%%%%%%%%%%%%%%%%%%%%%%%%%%
%%%%%%%%%%%%%%%%%%%%%%%%%%%%%%%%%%%%%%%%%%%%%%%%%%%%%%%%%%%%%%%%%%%%%%%%%%%%%%%%%%%%%%%%

@article{lin2021strategic,
  title={Strategic complements or substitutes? The case of adopting health information technology by US hospitals},
  author={Lin, Jianjing},
  journal={Review of Economics and Statistics},
  pages={1--55},
  year={2021},
  publisher={MIT Press One Rogers Street, Cambridge, MA 02142-1209, USA journals-info~…}
}

@techreport{desai2016role,
  title={The role of interoperability in hospital digitization: Network effects and information blocking},
  author={Desai, Sunita},
  year={2016},
  institution={Working paper, Harvard Medical School, 2016, http://scholar. harvard. edu~…}
}

@article{xueeffects,
  title={The Effects of Switching Electronic Health Record Developer on Specialty Referrals},
  author={Xue, Bingjin},
  year={2022}
}